% This file was created with JabRef 2.7b.
% Encoding: UTF-8

% Siehe auch Beschreibung in https://en.wikipedia.org/wiki/BibTeX
% Falls noetig, gibt es auch die Felder ISBN und ISSN fuer die BibTeX-Eintraege.

@article{nemhauser1988integer,
  title={Integer and combinatorial optimization. Interscience series in discrete mathematics and optimization},
  author={Nemhauser, George L and Wolsey, Laurence A},
  journal={ed: John Wiley \& Sons},
  year={1988}
}

@article{dempe2002foundations,
  title={Foundations of bilevel programming. Nonconvex optimization and its applications},
  author={Dempe, Stephan},
  journal={61 (2002)},
  volume={61},
  year={2002}
}

@url{FPOMathematik10,
    author  = {Department Mathematik},
    title   = {Pr\"ufungsordnung f\"ur das Bachelor- und Masterstudium der Mathematik,
               Technomathematik und Wirtschaftsmathematik an der Friedrich-Alexander-Universit\"at Erlangen-N\"urnberg },
    journal = {},
    year    = {In der Fassung vom 30. Juli 2010},
    url     = {http://www.uni-erlangen.de/universitaet/organisation/recht/studiensatzungen/nat.shtml#Mathematik},
    lastchecked = {27.03.2014}
}
